@article{riou2017comparative,
	Author = {Riou, Julien and Poletto, Chiara and Bo{\"e}lle, Pierre-Yves},
	Date-Added = {2017-05-03 15:24:22 +0000},
	Date-Modified = {2017-06-16 10:10:20 +0000},
	Journal = {Epidemics},
	Pages = {43-52},
	Title = {A comparative analysis of Chikungunya and Zika transmission},
	Url = {http://dx.doi.org/10.1016/j.epidem.2017.01.001},
	Volume = {19},
	Year = {2017},
	Bdsk-Url-1 = {http://dx.doi.org/10.1016/j.epidem.2017.01.001}}

@article{carpenter2015stan,
	Author = {Carpenter, Bob and Gelman, Andrew and Hoffman, Matt and others},
	Date-Added = {2016-05-31 16:43:23 +0000},
	Date-Modified = {2016-05-31 16:43:23 +0000},
	Journal = {Journal of Statistical Software},
	Title = {Stan: a probabilistic programming language},
	Year = {2015}}

@article{heesterbeek2015modeling,
	Author = {Heesterbeek, Hans and Anderson, Roy M and Andreasen, Viggo and others},
	Journal = {Science},
	Number = {6227},
	Pages = {aaa4339},
	Publisher = {American Association for the Advancement of Science},
	Title = {Modeling infectious disease dynamics in the complex landscape of global health},
	Volume = {347},
	Year = {2015}}